% Encoding: UTF-8

@Electronic{pronouns,
  author       = {Abigail Saguy and Juliet Williams},
  year         = {2020},
  note         = {[Access 2025-02-08]},
  title        = {Why We Should All Use They/Them Pronouns},
  url          = {https://blogs.scientificamerican.com/voices/why-we-should-all-use-they-them-pronouns/},
}

@Electronic{apaDefinitions,
  author       = {{APA}},
  year         = {2021},
  note         = {[Access 2021-04-06]},
  title        = {Definitions Related to Sexual Orientation},
  url          = {https://www.apa.org/pi/lgbt/resources/sexuality-definitions.pdf},
}

@Electronic{nisGuide,
  author       = {{NIS 2 Compliant.org}},
  year         = {2024},
  note         = {[Access 2025-02-08]},
  title        = {Comprehensive guide to the NIS 2 directive},
  url          = {https://nis2compliant.org/},
}

@Electronic{expScribbr,
  author       = {Lea Genau},
  year         = {2022},
  note         = {[Access 2025-02-08]},
  title        = {Ein Experiment in deiner Abschlussarbeit durchf√ºhren},
  url          = {https://www.scribbr.de/methodik/experiment/},
}

@Electronic{uwubernetes,
  author       = {Amit Dsouza and Kristin Martin},
  year         = {2024},
  note         = {[Access 2025-02-08]},
  title        = {Kubernetes v1.30},
  url          = {https://kubernetes.io/blog/2024/04/17/kubernetes-v1-30-release/},
}

@Electronic{rancher,
  author       = {{Rancher Labs}},
  year         = {2025},
  note         = {[Access 2025-02-08]},
  title        = {Enterprise Kubernetes Management},
  url          = {https://rancher.com/},
}

@Electronic{ciliumMesh,
  author       = {{Cilium}},
  year         = {2025},
  note         = {[Access 2025-02-08]},
  title        = {Cilium Service Mesh},
  url          = {https://cilium.io/use-cases/service-mesh/},
}

@Electronic{bardCybersec,
  author       = {{Gemini}},
  year         = {2025},
  note         = {[Access 2025-02-08]},
  title        = {What is Cyber Security},
  url          = {https://gemini.google.com},
}

@Electronic{bardKubernetes,
  author       = {{Gemini}},
  year         = {2025},
  note         = {[Access 2025-02-08]},
  title        = {What is Kubernetes},
  url          = {https://gemini.google.com},
}

@inbook{3dgreesMore,
  author       = {Stephan Rahmstorf},
  editor       = {Klaus Wiegandt},
  year         = {2024},
  title        = {Climate and Weather at 3 Degrees More},
  bookTitle    = {3 Degrees More: The Impending Hot Season and How Nature Can Help Us Prevent It},
  pages        = {3--17},
  publisher    = {Springer Nature Switzerland},
  address      = {Cham},
  doi          = {10.1007/978-3-031-58144-1_1},
  isbn         = {978-3-031-58144-1}
}

@Comment{jabref-meta: databaseType:bibtex;}
